@article{hid-sp18-409-agarwal2013crime,
  title={Crime analysis using K-means clustering},
  author={Agarwal, Jyoti and Nagpal, Renuka and Sehgal, Rajni},
  journal={International Journal of Computer Applications},
  volume={83},
  number={4},
  year={2013},
  publisher={Foundation of Computer Science}
}

@article{hid-sp18-409-bharathi2014survey,
  title={A Survey on Crime Data Analysis of Data Mining Using Clustering Techniques},
  author={Bharathi, A Shilpa and Shilpa, R},
  journal={International Journal of Advance Research in Computer Science and Management Studies},
  volume={2},
  number={8},
  pages={9--13},
  year={2014}
}

@article{hid-sp18-409-kiani2015analysis,
  title={Analysis and prediction of crimes by clustering and classification},
  author={Kiani, Rasoul and Mahdavi, Siamak and Keshavarzi, Amin},
  journal={Analysis},
  volume={4},
  number={8},
  year={2015},
  publisher={Citeseer}
}

@Misc{hid-sp18-409-www-cpd,
	author = {{CPD}},
	title = {Crime data analysis: Chicago Police Department},
	howpublished = {Web Page},
	year = 2016,
	note = {Accessed: 2018-04-01},
	Url =
	{https://home.chicagopolice.org/online-services/crime-statistics/
	}
}

@inproceedings{hid-sp18-409-nath2006crime,
  title={Crime pattern detection using data mining},
  author={Nath, Shyam Varan},
  booktitle={Web intelligence and intelligent agent technology workshops, 2006. wi-iat 2006 workshops. 2006 ieee/wic/acm international conference on},
  pages={41--44},
  year={2006},
  organization={IEEE}
}

@article{hid-sp18-409-gera2014city,
  title={City Crime Profiling Using Cluster Analysis},
  author={Gera, Priyanka and Vohra, Rajan},
  journal={Priyanka Gera et al,/(IJCSIT) International Journal of Computer Science and Information Technologies},
  volume={5},
  number={4},
  pages={5145--5148},
  year={2014}
}

@Misc{hid-sp18-409-www-lapd,
	author = {{LAPD}},
	title = {Crime data analysis: Los Angeles Police Department},
	howpublished = {Web Page},
	year = 2017,
	note = {Accessed: 2018-04-01},
	Url =
	{http://www.lapdonline.org/crime_mapping_and_compstat/content_basic_view/6363#
	}
}

@Misc{hid-sp18-409-www-data.gov,
	author = {{DATA.GOV}},
	title = {Crimes - 2001 to present, City of Chicago},
	howpublished = {Web Page},
	year = 2018,
	note = {Accessed: 2018-04-01},
	Url =
	{https://catalog.data.gov/dataset/crimes-2001-to-present-398a4
	}
}


