@Misc{hid-sp18-409-www-firebase,
	author = {{Google}},
	title = {Firebase insights 
	app platform},
	howpublished = {Web Page},
	year = 2016,
	note = {Accessed: 2018-02-26},
	Url =
	{https://firebase.googleblog.com/2016/05/firebase-expands-to-become-unified-app-platform.html
	}
}


@Misc{hid-sp18-409-www-firebase-official,
	author = {{Google}},
	title = {Firebase expands to become unified 
	app platform},
	howpublished = {Web Page},
	year = 2018,
	note = {Accessed: 2018-02-26},
	Url = {https://firebase.googleblog.com }
}

@Misc{hid-sp18-409-www-firebase-merged,
	author = {{Google}},
	title = {GCM and FCM Frequently Asked 
	Questions},
	howpublished = {Web Page},
	year = 2018,
	note = {Accessed: 2018-02-27},
	Url = { 
	https://developers.google.com/cloud-messaging/faq}
}

@Misc{hid-sp18-409-www-firebase-wikipedia,
	author = {{Wikipedia}},
	title = {Description about Firebase},
	howpublished = {Web Page},
	year = 2018,
	note = {Accessed: 2018-02-27},
	Url = {https://en.wikipedia.org/wiki/Firebase}
}

@Misc{hid-sp18-409-www-firebase-acquired,
	author = {Frederic Lardinois},
	title = {Google acquires Firebase},
	howpublished = {Web Page},
	year = 2014,
	note = {Accessed: 2018-02-27},
	Url = 
	{https://techcrunch.com/2014/10/21/google-acquires-firebase-to-help-developers-build-better-realtime-apps/}
}

@Misc{hid-sp18-409-www-firebase-products,
	author = {{Google}},
	title = {Firebase Products},
	howpublished = {Web Page},
	year = 2018,
	note = {Accessed: 2018-02-27},
	Url = {https://firebase.google.com/products/}
}

@Misc{hid-sp18-409-www-firebase-invite,
	author = {{Google}},
	title = {Firebase Invites},
	howpublished = {Web Page},
	year = 2018,
	note = {Accessed: 2018-02-28},
	Url = {https://firebase.google.com/docs/invites/}
}

@Misc{hid-sp18-409-www-firebase-admob,
	author = {{Google}},
	title = {Firebase Admob},
	howpublished = {Web Page},
	year = 2018,
	note = {Accessed: 2018-02-28},
	Url = {https://firebase.google.com/docs/admob/}
}

@Misc{hid-sp18-409-www-firebase-adwords,
	author = {{Google}},
	title = {Firebase Adwords},
	howpublished = {Web Page},
	year = 2018,
	note = {Accessed: 2018-03-01},
	Url = {https://firebase.google.com/docs/adwords/}
}


@Misc{hid-sp18-409-www-firebase-usecases,
	author = {{Google}},
	title = {Firebase Usecases},
	howpublished = {Web Page},
	year = 2018,
	note = {Accessed: 2018-03-01},
	Url = {https://firebase.google.com/use-cases/}
}

@Misc{hid-sp18-409-www-firebase-pricing,
	author = {{Google}},
	title = {Firebase Pricing},
	howpublished = {Web Page},
	year = 2018,
	note = {Accessed: 2018-03-01},
	Url = {https://firebase.google.com/pricing/}
}

@Misc{hid-sp18-409-www-doodle,
	author = {{Doodle}},
	title = {Get together with Doodle},
	howpublished = {Web Page},
	year = 2018,
	note = {Accessed: 2018-03-01},
	Url = {https://doodle.com/}
}

@Misc{hid-sp18-409-www-americanexpress,
	author = {{Americanexpress}},
	title = {Find the Card that's right for you},
	howpublished = {Web Page},
	year = 2018,
	note = {Accessed: 2018-03-01},
	Url = {https://www.americanexpress.com/}
}

@Misc{hid-sp18-409-www-nytimes,
	author = {{The New York Times}},
	title = {The New York Times},
	howpublished = {Web Page},
	year = 2018,
	note = {Accessed: 2018-03-01},
	Url = {https://www.nytimes.com}
}

@Misc{hid-sp18-409-www-npr,
	author = {{Npr}},
	title = {American University Radio},
	howpublished = {Web Page},
	year = 2018,
	note = {Accessed: 2018-03-01},
	Url = {https://one.npr.org/}
}

@Misc{hid-sp18-409-www-shazam,
	author = {{Shazam}},
	title = {Name any song in seconds},
	howpublished = {Web Page},
	year = 2018,
	note = {Accessed: 2018-03-01},
	Url = {https://www.shazam.com/}
}

@Misc{hid-sp18-409-www-duolingo,
	author = {{Duolingo}},
	title = {Learn a language for free. Forever.},
	howpublished = {Web Page},
	year = 2018,
	note = {Accessed: 2018-03-01},
	Url = {https://www.duolingo.com/}
}

@Misc{hid-sp18-409-www-alibaba,
	author = {{Alibaba}},
	title = {Find quality Manufacturers, Suppliers, Exporters, Importers, 
	Buyers, Wholesalers, Products and Trade Leads from our award-winning 
	International Trade Site.},
	howpublished = {Web Page},
	year = 2018,
	note = {Accessed: 2018-03-01},
	Url = {https://www.alibaba.com/}
}

@Misc{hid-sp18-409-www-lyft,
	author = {{Lyft}},
	title = {Turn Miles Into Money},
	howpublished = {Web Page},
	year = 2018,
	note = {Accessed: 2018-03-01},
	Url = {https://www.lyft.com/}
}

@Misc{hid-sp18-409-www-venmo,
	author = {{Venmo}},
	title = {Send money and make purchases},
	howpublished = {Web Page},
	year = 2018,
	note = {Accessed: 2018-03-01},
	Url = {https://venmo.com/}
}

@Misc{hid-sp18-409-www-economist,
	author = {{Economist}},
	title = {The Economist},
	howpublished = {Web Page},
	year = 2018,
	note = {Accessed: 2018-03-01},
	Url = {https://www.economist.com/}
}

@Misc{hid-sp18-409-www-trivago,
	author = {{Trivago}},
	title = {Find your ideal hotel and compare prices from many websites},
	howpublished = {Web Page},
	year = 2018,
	note = {Accessed: 2018-03-01},
	Url = {https://www.trivago.com/}
}

@Misc{hid-sp18-409-www-ctrip,
	author = {{Trivago}},
	title = {Chinese provider of travel services},
	howpublished = {Web Page},
	year = 2018,
	note = {Accessed: 2018-03-01},
	Url = {http://www.ctrip.com/}
}

@Misc{hid-sp18-409-www-wattpad,
	author = {{Wattpad}},
	title = {Social networking website},
	howpublished = {Web Page},
	year = 2018,
	note = {Accessed: 2018-03-01},
	Url = {https://www.wattpad.com/}
}

@Misc{hid-sp18-409-www-kcbgroup,
	author = {{Kcbgroup}},
	title = {Kenya Commercial Bank South Sudan Limited},
	howpublished = {Web Page},
	year = 2018,
	note = {Accessed: 2018-03-01},
	Url = {https://kcbgroup.com/}
}

@Misc{hid-sp18-409-www-halfbrick,
	author = {{Halfbrick}},
	title = {Halfbrick Studios},
	howpublished = {Web Page},
	year = 2018,
	note = {Accessed: 2018-03-01},
	Url = {https://halfbrick.com/}
}

@Misc{hid-sp18-409-www-rockbitegames,
	author = {{Rockbitegames}},
	title = {Rockbite Games Studios},
	howpublished = {Web Page},
	year = 2018,
	note = {Accessed: 2018-03-01},
	Url = {http://rockbitegames.com/}
}

@Misc{hid-sp18-409-www-onefootball,
	author = {{Onefootball}},
	title = {German mobile football application},
	howpublished = {Web Page},
	year = 2018,
	note = {Accessed: 2018-03-01},
	Url = {https://www.onefootball.com/}
}

@Misc{hid-sp18-409-www-thefabulous,
	author = {{Thefabulous}},
	title = {Embark on a journey to reset your habits},
	howpublished = {Web Page},
	year = 2018,
	note = {Accessed: 2018-03-01},
	Url = {https://thefabulous.co/}
}